<?xml version="1.0" encoding="utf-8"?>
<record xmlns="http://www.loc.gov/MARC21/slim" xmlns:xsi="http://www.w3.org/2001/XMLSchema-instance" xsi:schemaLocation="http://www.loc.gov/MARC21/slim http://www.loc.gov/standards/marcxml/schema/MARC21slim.xsd">
	<leader>     nam a22     Mi 4500</leader>
	<controlfield tag="001">416009</controlfield>
	<controlfield tag="003">NjP</controlfield>
	<controlfield tag="006">m        d        </controlfield>
	<controlfield tag="007">cr cn |||m|||a</controlfield>
	<controlfield tag="008">191218s195u    iq      ob    000 0 ara d</controlfield>
	<datafield ind1=" " ind2=" " tag="040">
		<subfield code="a">ZYU</subfield>
		<subfield code="b">ara</subfield>
		<subfield code="e">rda</subfield>
		<subfield code="c">ZYU</subfield>
	</datafield>
	<datafield ind1="1" ind2=" " tag="100">
		<subfield code="6">880-01</subfield>
		<subfield code="a">Zaynī, Ṣāḥib. </subfield>
	</datafield>
	<datafield ind1="1" ind2="0" tag="245">
		<subfield code="6">880-02</subfield>
		<subfield code="a">Ṭibb al-Riḍá /</subfield>
		<subfield code="c">Ṣāḥib Zaynī ; [taḥqīq Murtaḍá al-ʻAskarī].</subfield>
	</datafield>
	<datafield ind1=" " ind2=" " tag="260">
		<subfield code="6">880-03</subfield>
		<subfield code="a">al-Najaf :</subfield>
		<subfield code="b">Maktabat al-Najāḥ,</subfield>
		<subfield code="c">[195-?]</subfield>
	</datafield>
	<datafield ind1=" " ind2=" " tag="300">
		<subfield code="a">online resource (170 pages)</subfield>
	</datafield>
	<datafield ind1=" " ind2=" " tag="336">
		<subfield code="a">text</subfield>
		<subfield code="2">rdacontent</subfield>
	</datafield>
	<datafield ind1=" " ind2=" " tag="337">
		<subfield code="a">computer</subfield>
		<subfield code="2">rdamedia</subfield>
	</datafield>
	<datafield ind1=" " ind2=" " tag="338">
		<subfield code="a">online resource</subfield>
		<subfield code="2">rdacarrier</subfield>
	</datafield>
	<datafield ind1=" " ind2=" " tag="500">
		<subfield code="a">&quot;Multaqá al-ʻaṣrayn (2).&quot;</subfield>
	</datafield>
	<datafield ind1=" " ind2=" " tag="500">
		<subfield code="a">Part of the Arabic Collections Online (ACO) project, contributed by Princeton University Libraries.</subfield>
	</datafield>
	<datafield ind1=" " ind2=" " tag="504">
		<subfield code="a">Includes bibliographical references.</subfield>
	</datafield>
	<datafield ind1=" " ind2=" " tag="533">
		<subfield code="a">Electronic reproduction.</subfield>
		<subfield code="b">New York, N.Y. :</subfield>
		<subfield code="c">New York University,</subfield>
		<subfield code="d">2019.</subfield>
		<subfield code="5">NNU</subfield>
	</datafield>
	<datafield ind1="0" ind2="0" tag="600">
		<subfield code="a">ʻAlī al-Riḍā ibn Mūsá,</subfield>
		<subfield code="d">-818 or 819.</subfield>
		<subfield code="t">Risālah al-dhahabīyah.</subfield>
	</datafield>
	<datafield ind1=" " ind2="0" tag="650">
		<subfield code="a">Medicine, Medieval.</subfield>
	</datafield>
	<datafield ind1="0" ind2="7" tag="630">
		<subfield code="a">Risālah al-dhahabīyah (ʻAlī al-Riḍā ibn Mūsá)</subfield>
		<subfield code="2">fast</subfield>
		<subfield code="0">(OCoLC)fst01391112</subfield>
	</datafield>
	<datafield ind1=" " ind2="7" tag="650">
		<subfield code="a">Medicine, Medieval.</subfield>
		<subfield code="2">fast</subfield>
		<subfield code="0">(OCoLC)fst01015277</subfield>
	</datafield>
	<datafield ind1="1" ind2=" " tag="700">
		<subfield code="6">880-04</subfield>
		<subfield code="a">ʻAskarī, Murtaḍá. </subfield>
	</datafield>
	<datafield ind1="0" ind2="2" tag="700">
		<subfield code="6">880-05</subfield>
		<subfield code="a">ʻAlī al-Riḍā ibn Mūsá,</subfield>
		<subfield code="d">-818 or 819.</subfield>
		<subfield code="t">Risālah al-dhahabīyah.</subfield>
	</datafield>
	<datafield ind1="2" ind2=" " tag="710">
		<subfield code="a">Princeton University.</subfield>
		<subfield code="b">Library.</subfield>
	</datafield>
	<datafield ind1="0" ind2=" " tag="730">
		<subfield code="a">Arabic Collections Online.</subfield>
	</datafield>
	<datafield ind1="0" ind2="8" tag="776">
		<subfield code="i">Print version:</subfield>
		<subfield code="a">Zaynī, Ṣāḥib.</subfield>
		<subfield code="t">Ṭibb al-Riḍá</subfield>
		<subfield code="w">(NjP)416009</subfield>
		<subfield code="w">(OCoLC)82334162</subfield>
	</datafield>
	<datafield ind1="4" ind2="0" tag="856">
		<subfield code="u">http://hdl.handle.net/2333.1/34tmprc0</subfield>
	</datafield>
	<datafield ind1="1" ind2=" " tag="880">
		<subfield code="6">100-01</subfield>
		<subfield code="a">زيني، صاحب. </subfield>
	</datafield>
	<datafield ind1="1" ind2="0" tag="880">
		<subfield code="6">245-02</subfield>
		<subfield code="a">طب الرضا /</subfield>
		<subfield code="c">صاحب زيني ؛ [تحقيق مرتضى العسكري].</subfield>
	</datafield>
	<datafield ind1=" " ind2=" " tag="880">
		<subfield code="6">260-03</subfield>
		<subfield code="a">النجف :</subfield>
		<subfield code="b">مكتبة النجاح،</subfield>
		<subfield code="c">[195-?]</subfield>
	</datafield>
	<datafield ind1="1" ind2=" " tag="880">
		<subfield code="6">700-04</subfield>
		<subfield code="a">عسكري، مرتضى.  </subfield>
	</datafield>
	<datafield ind1="0" ind2="2" tag="880">
		<subfield code="6">700-05</subfield>
		<subfield code="a">علي الرضا بن موسى،</subfield>
		<subfield code="d">-818 or 819.</subfield>
		<subfield code="t">رسالة الذهبية.</subfield>
	</datafield>
	<datafield ind1=" " ind2=" " tag="959">
		<subfield code="a">NNU</subfield>
		<subfield code="b">WEB</subfield>
		<subfield code="c">GENI</subfield>
		<subfield code="t">0</subfield>
		<subfield code="m">Electronic access</subfield>
		<subfield code="s">01</subfield>
	</datafield>
	<datafield ind1=" " ind2=" " tag="999">
		<subfield code="i">NjP_416009</subfield>
		<subfield code="o">(OCoLC)ocm82334162</subfield>
		<subfield code="s">princeton_aco003274</subfield>
		<subfield code="e">(ERROR-MISC)</subfield>
		<subfield code="s">princeton_aco003274</subfield>
	</datafield>
</record>
